<?xml version="1.0" encoding="utf-8"?>
<record xmlns="http://www.loc.gov/MARC21/slim" xmlns:xsi="http://www.w3.org/2001/XMLSchema-instance" xsi:schemaLocation="http://www.loc.gov/MARC21/slim http://www.loc.gov/standards/marcxml/schema/MARC21slim.xsd">
	<leader>     nam a22     Mi 4500</leader>
	<controlfield tag="001">b12371592</controlfield>
	<controlfield tag="003">LeBAU</controlfield>
	<controlfield tag="006">m        d        </controlfield>
	<controlfield tag="007">cr cn |||m|||a</controlfield>
	<controlfield tag="008">190821m19241928ua      o     ||0 0 ara d</controlfield>
	<datafield ind1=" " ind2=" " tag="040">
		<subfield code="a">ZYU</subfield>
		<subfield code="b">ara</subfield>
		<subfield code="e">rda</subfield>
		<subfield code="c">ZYU</subfield>
	</datafield>
	<datafield ind1="0" ind2="4" tag="082">
		<subfield code="a">297.207</subfield>
		<subfield code="2">20</subfield>
	</datafield>
	<datafield ind1="1" ind2=" " tag="100">
		<subfield code="6">880-01</subfield>
		<subfield code="a">Ibn Kathīr, Ismāʻīl ibn ʻUmar,</subfield>
		<subfield code="d">approximately 1301-1373,</subfield>
		<subfield code="e">author.</subfield>
	</datafield>
	<datafield ind1="1" ind2="0" tag="240">
		<subfield code="6">880-02</subfield>
		<subfield code="a">Tafsīr al-Qurʼān al-ʻaẓīm</subfield>
	</datafield>
	<datafield ind1="1" ind2="0" tag="245">
		<subfield code="6">880-03</subfield>
		<subfield code="a">Tafsīr al-Ḥāfiẓ Ibn Kathīr /</subfield>
		<subfield code="c">wa-huwa al-imām al-jalīl al-Ḥāfiẓ ʻImād al-Dīn Abū al-Fidāʼ Ismāʻīl ibn Kathīr al-Qurashī al-Dimashqī al-mutawaffá sanat 774. Wa-yalīhi Maʻālim al-tanzīl / tafsīr al-Imām al-Baghawī al-mutawaffá sanat 516.</subfield>
	</datafield>
	<datafield ind1=" " ind2="1" tag="264">
		<subfield code="6">880-04</subfield>
		<subfield code="a">Miṣr :</subfield>
		<subfield code="b">Maṭbaʻat al-Manār,</subfield>
		<subfield code="c">1343-1347 H., [1924-1928? M.]</subfield>
	</datafield>
	<datafield ind1=" " ind2=" " tag="300">
		<subfield code="6">880-05</subfield>
		<subfield code="a">online resource (9 volumes)</subfield>
	</datafield>
	<datafield ind1=" " ind2=" " tag="336">
		<subfield code="a">text</subfield>
		<subfield code="2">rdacontent</subfield>
	</datafield>
	<datafield ind1=" " ind2=" " tag="337">
		<subfield code="a">computer</subfield>
		<subfield code="2">rdamedia</subfield>
	</datafield>
	<datafield ind1=" " ind2=" " tag="338">
		<subfield code="a">online resource</subfield>
		<subfield code="2">rdacarrier</subfield>
	</datafield>
	<datafield ind1=" " ind2=" " tag="500">
		<subfield code="a">في أعلى الصفحة تفسير ابن كثير وفي أسفلها معالم التنزيل.</subfield>
	</datafield>
	<datafield ind1=" " ind2=" " tag="500">
		<subfield code="a">الجزء التاسع يتضمن فضائل القرآن وهو ذيل تفسير الحافظ إبن كثير وضعه في آخر التفسير وجعله متمماً له وقد أشرف على تصحيحه وعلق عليه بعض الفوائد السيد محمد رشيد رضا، منشئ مجلة المنار.</subfield>
	</datafield>
	<datafield ind1=" " ind2=" " tag="500">
		<subfield code="a">Part of the Arabic Collections Online (ACO) project, contributed by American University of Beirut's Jafet Memorial Library.</subfield>
	</datafield>
	<datafield ind1=" " ind2=" " tag="533">
		<subfield code="a">Electronic reproduction.</subfield>
		<subfield code="b">New York, N.Y. :</subfield>
		<subfield code="c">New York University,</subfield>
		<subfield code="d">2019.</subfield>
		<subfield code="5">NNU</subfield>
	</datafield>
	<datafield ind1="0" ind2="4" tag="630">
		<subfield code="a">قرآن</subfield>
		<subfield code="x">تفسير وتأويل</subfield>
		<subfield code="v">اعمال قديمة حتى 1800.</subfield>
	</datafield>
	<datafield ind1="0" ind2="0" tag="630">
		<subfield code="a">Qur'an</subfield>
		<subfield code="x">Hermeneutics</subfield>
		<subfield code="v">Early works to 1800.</subfield>
	</datafield>
	<datafield ind1="1" ind2="2" tag="700">
		<subfield code="6">880-06</subfield>
		<subfield code="a">Ibn Kathīr, Ismāʻīl ibn ʻUmar,</subfield>
		<subfield code="d">approximately 1301-1373.</subfield>
		<subfield code="t">Faḍāʼil al-Qurʼān.</subfield>
	</datafield>
	<datafield ind1="1" ind2="2" tag="700">
		<subfield code="6">880-07</subfield>
		<subfield code="a">Muḥammad Rashīd Riḍā,</subfield>
		<subfield code="d">حوالي 1301-1373.</subfield>
		<subfield code="t">فضائل القرآن.</subfield>
		<subfield code="e">compiler.</subfield>
	</datafield>
	<datafield ind1="0" ind2=" " tag="700">
		<subfield code="6">880-08</subfield>
		<subfield code="a">محمد رشيد رضا،</subfield>
		<subfield code="e">معد. </subfield>
		<subfield code="4">com.</subfield>
	</datafield>
	<datafield ind1="2" ind2=" " tag="710">
		<subfield code="a">Jafet Memorial Library.</subfield>
	</datafield>
	<datafield ind1="0" ind2=" " tag="730">
		<subfield code="a">Arabic Collections Online.</subfield>
	</datafield>
	<datafield ind1="0" ind2="8" tag="776">
		<subfield code="i">Print version:</subfield>
		<subfield code="a">Ibn Kathīr, Ismāʻīl ibn ʻUmar, approximately 1301-1373, author.</subfield>
		<subfield code="t">Tafsīr al-Ḥāfiẓ Ibn Kathīr</subfield>
		<subfield code="w">(LeBAU)b12371592</subfield>
	</datafield>
	<datafield ind1="1" ind2=" " tag="787">
		<subfield code="6">880-09</subfield>
		<subfield code="i">is abridged as (work)</subfield>
		<subfield code="4">http://rdaregistry.info/Elements/w/P10167:</subfield>
		<subfield code="t">Taysīr al-ʻalī al-qadīr li-ikhtiṣār Tafsīr Ibn Kathīr.</subfield>
		<subfield code="d">[Bayrūt] :Muhammad Nasib Rifaʼi,1392 [H.] = 1972 [M.]</subfield>
		<subfield code="w">b19214960</subfield>
	</datafield>
	<datafield ind1="4" ind2="0" tag="856">
		<subfield code="u">http://hdl.handle.net/2333.1/gmsbcmq5</subfield>
	</datafield>
	<datafield ind1="1" ind2=" " tag="880">
		<subfield code="6">100-01</subfield>
		<subfield code="a">ابن كثير، اسماعيل بن عمر،</subfield>
		<subfield code="d">حوالي 1301-1373،</subfield>
		<subfield code="e">مؤلف. </subfield>
		<subfield code="4">aut.</subfield>
	</datafield>
	<datafield ind1="1" ind2="0" tag="880">
		<subfield code="6">245-03</subfield>
		<subfield code="a">تفسير الحافظ إبن كثير /</subfield>
		<subfield code="c">وهو الإمام الجليل الحافظ عماد الدين أبو الفداء إسماعيل إبن كثير القرشي الدمشقي المتوفى سنة 774. ويليه معالم التنزيل / تفسير الإمام البغوي المتوفى سنة 516.</subfield>
	</datafield>
	<datafield ind1="1" ind2="2" tag="880">
		<subfield code="6">700-06</subfield>
		<subfield code="a">البغوي، الحسين بن مسعود،</subfield>
		<subfield code="d">-1117؟.</subfield>
		<subfield code="t">معالم التنزيل.</subfield>
	</datafield>
	<datafield ind1="1" ind2="0" tag="880">
		<subfield code="6">240-02</subfield>
		<subfield code="a">تفسير القرآن العظيم</subfield>
	</datafield>
	<datafield ind1=" " ind2="1" tag="880">
		<subfield code="6">264-04</subfield>
		<subfield code="a">مصر :</subfield>
		<subfield code="b">مطبعة المنار،</subfield>
		<subfield code="c">1343-1347 هـ.، [1924-1928؟ م.]</subfield>
	</datafield>
	<datafield ind1=" " ind2=" " tag="880">
		<subfield code="6">300-05</subfield>
		<subfield code="a">9 أجزاء ؛</subfield>
		<subfield code="c">27 سم</subfield>
	</datafield>
	<datafield ind1="1" ind2="2" tag="880">
		<subfield code="6">700-07</subfield>
		<subfield code="a">Baghawī, al-Ḥusayn ibn Masʻūd,</subfield>
		<subfield code="d">-1117?.</subfield>
		<subfield code="t">Maʻālim al-tanzīl.</subfield>
	</datafield>
	<datafield ind1="0" ind2=" " tag="880">
		<subfield code="6">700-08</subfield>
		<subfield code="a">ابن كثير، اسماعيل بن عمر،</subfield>
		<subfield code="e">compiler.</subfield>
	</datafield>
	<datafield ind1="1" ind2=" " tag="880">
		<subfield code="6">787-09</subfield>
		<subfield code="i">مختصر ك (عمل)</subfield>
		<subfield code="4">http://rdaregistry.info/Elements/w/P10167:</subfield>
		<subfield code="t">تيسير العلي القدير لاختصار تفسير ابن كثير.</subfield>
		<subfield code="d">[بيروت] : محمد نسيب الرفاعي، 1392 [هـ.] = 1972 [م.]</subfield>
		<subfield code="w">b19214960</subfield>
	</datafield>
	<datafield ind1=" " ind2=" " tag="959">
		<subfield code="a">NNU</subfield>
		<subfield code="b">WEB</subfield>
		<subfield code="c">GENI</subfield>
		<subfield code="t">0</subfield>
		<subfield code="m">Electronic access</subfield>
		<subfield code="s">01</subfield>
	</datafield>
	<datafield ind1=" " ind2=" " tag="999">
		<subfield code="i">LeBAU_b12371592</subfield>
		<subfield code="s">aub_aco002361:v.1</subfield>
		<subfield code="s">aub_aco002362:v.2</subfield>
		<subfield code="s">aub_aco002363:v.3</subfield>
		<subfield code="s">aub_aco002364:v.4</subfield>
		<subfield code="s">aub_aco002365:v.5</subfield>
		<subfield code="s">aub_aco002366:v.6</subfield>
		<subfield code="s">aub_aco002367:v.7</subfield>
		<subfield code="s">aub_aco002368:v.8</subfield>
		<subfield code="s">aub_aco002369:v.9</subfield>
		<subfield code="e">(ERROR-MISC)</subfield>
	</datafield>
</record>
